@Book{Raut_2016_Book,
  title = {A Rapid Introduction to Differential Geometry with Applications in Economics and Optimization},
  author = {Lakshmi K. Raut},
  year = {2016},
  publisher = {Preliminary Draft},
  pubtype = {3},
  date = {2016-01-01},
}
