@Book{Raut_2018_Book,
  title = {Application of Lie Groups to Economics and Game Theory},
  author = {Lakshmi K. Raut},
  year = {2018},
  publisher = {In Preparation},
  pubtype = {3},
  date = {2018-01-01},
}
