@InBook{Raut_2017c,
  title = {Education and Economic Growth: A Comparative Study of China and India},
  author = {Lakshmi K. Raut},
  year = {2017},
  pages = {349â€“388},
  doi = {10.1017/9781316855584.014},
  publisher = {Cambridge University Press},
  url = {https://doi.org/10.1017/9781316855584.014},
  booktitle = {Sustaining High Growth in India},
  editor = {Pradeep Agrawal},
  place = {Cambridge},
  pubtype = {6},
  date = {2017-01-01},
}
