@Article{Raut_1992_1,
  title = {Demographic Links to Savings in Life Cycle Models: Identification of Issues for LDCs},
  author = {Lakshmi K. Raut},
  journal = {The Indian Economic Journal},
  year = {1992},
  keywords = {Development},
  slno = {706},
  pubtype = {2},
  date = {1992-01-01},
}
