@Article{Wiboonchutikula.etal_2001,
  title = {An Analysis of Thailandâ€™s Capital Flows},
  author = {Paitoon Wiboonchutikula and Bangorn Tubtimtong and Lakshmi K. Raut and Bundit Chaivichayachat},
  journal = {Conference Proceedings},
  year = {2001},
  pages = {669-715},
  publisher = {Elsevier Science B.V.},
  abstract = {The paper uses time series data of Thailand's foreign capital flows and examines the nature of volatility of the various types of capital flows. It analyzes econometric factors determining capital inflows and discover their impact on both growth and stability. The quantitative analysis suggests policies that are beneficial for managing Thailand's capital flows in the future.},
  chapter = {31},
  editor = {Jere Behrman and et al.},
  pubtype = {2},
  date = {2001-01-01},
}
