@Article{Raut_2020a,
  title = {Unscented Kalman filters (UKF), particle filters (PF) and Recurrent Neural Network (RNN) methods for estimating health developments â€“ a survey with simulation results},
  author = {Lakshmi K Raut},
  journal = {Working Paper},
  year = {2019},
  pubtype = {3},
  date = {2019-01-01},
}
