@InCollection{Nishimura.Raut_1999,
  title = {Endogenous fertility and growth dynamics},
  author = {Kazuo Nishimura and Lakshmi K. Raut},
  journal = {Trade, growth, and development : essays in honor of Professor T. N. Srinivasan},
  year = {1999},
  pages = {39--53},
  isbn = {0444500715},
  publisher = {Elsevier},
  booktitle = {Trade, Growth, and Development : Essays in Honor of Professor T. N. Srinivasan.},
  address = {Amsterdam},
  chapter = {4},
  editor = {Gustav Ranis and Lakshmi K. Raut},
  language = {eng},
  pubtype = {6},
  date = {1999-01-01},
}
