@Article{Raut_2018c,
  title = {Identification of Structural Parameters in Stochastic Dynamic Programming Models},
  author = {Lakshmi K. Raut},
  journal = {Work-in-Progress},
  year = {2018},
  abstract = {Structural Dynamic Programming Models are not in general econometrically identified. The paper finds general conditions for identification for a commonly used family of such models.},
  pubtype = {3},
  date = {2018-01-01},
}
