@Book{Raut_1981_Book,
  title = {Theory of Games and its  Applications to Economics and Politics},
  author = {Loyed S. Shapley and Lakshmi K. Raut},
  year = {1981},
  publisher = {Macmillan, New Delhi},
  pubtype = {5},
  date = {1981},
}
