@Article{Wiboonchutikula.etal_1999,
  title = {An Analysis of Thailandâ€™s Capital Flows},
  author = {Paitoon Wiboonchutikula and Bangorn Tubtimtong and Lakshmi K. Raut and Bundit Chaivichayachat},
  journal = {Chulalongkom Joumal of Economics},
  year = {1999},
  pages = {321--380},
  number = {3},
  volume = {11},
  pubtype = {2},
  date = {1999-01-01},
}
