@InCollection{Raut_Srinivasan_1993,
  title = {Theories of Long-Run Growth: Old and New},
  author = {Lakshmi K. Raut and T.N. Srinivasan},
  journal = {Basil Blackewell},
  year = {1993},
  publisher = {Basil Blackewell},
  abstract = {In this paper we survey the old and new theories of economic growth.},
  keywords = {Growth},
  booktitle = {Capital, Investment and Development:Essays in memory of Sukhamoy Chakravarty},
  address = {Oxford},
  chapter = {1},
  editor = {Kausik Basu and Mukul Majumdar and Tapan Mitra},
  pubtype = {6},
  date = {1993-01-01},
}
