@Article{Raut_2007a,
  title = {Immigration vs Foreign Investment to Ease the Ageing Problems of an Ageing Open Economy},
  author = {Lakshmi K. Raut},
  journal = {Ageing and the Labor Market in Japan},
  year = {2007},
  pages = {91-120},
  doi = {10.4337/9781847204240.00012},
  isbn = {http://id.crossref.org/isbn/9781847204240},
  publisher = {Edward Elgar Publishing},
  url = {http://dx.doi.org/10.4337/9781847204240.00012},
  pubtype = {2},
  date = {2007-01-01},
}
