@Book{Ranis.Raut_1999_Book,
  title = {Trade, Growth and Development: Essays in Honor of Professor T.N. Srinivasan},
  author = {Gustav Ranis and Lakshmi K. Raut},
  year = {1999},
  isbn = {9780444500717},
  publisher = {North-Holland Pub., Company},
  url = {http://books.emeraldinsight.com/display.asp?K=9780444500717},
  issn = {0573-8555},
  series = {Contributions to Economic Analysis},
  lccn = {99058624},
  pubtype = {5},
  date = {1999-01-01},
}
