@Book{Shapley.Raut_1981_Book,
  title = {Theory of Games and its Applications to Economics and Politics},
  author = {Lloyd S Shapley and Lakshmi K. Raut},
  year = {1981},
  publisher = {Macmillan India},
  url = {https://books.google.com/books/about/Theory_of_games_and_its_applications_to.html?id=u7K0AAAAIAAJ},
  number = {10},
  pubtype = {5},
  date = {1981-01-01},
}
