@Article{Hamada.Raut_2007,
  title = {Ageing and Elderly Care in an Open Economy},
  author = {Koichi Hamada and Lakshmi K. Raut},
  journal = {Ageing and the Labor Market in Japan},
  year = {2007},
  pages = {75-90},
  doi = {10.4337/9781847204240.00011},
  isbn = {http://id.crossref.org/isbn/9781847204240},
  publisher = {Edward Elgar Publishing},
  url = {http://dx.doi.org/10.4337/9781847204240.00011},
  pubtype = {2},
  date = {2007-01-01},
}
