@Article{Raut_1980,
  title = { Lectures on Convex Analysis},
  author = {Lakshmi K Raut},
  journal = {ISI Lecture Series},
  year = {1980},
  abstract = {Notes on convex analysis.  Prepared for self-research and presented to colleagues at the Indian Statistical Institute, Delhi Center.},
  pubtype = {3},
  date = {1980-01-01},
}