@Article{Wiboonchutikula.etal_2001,
  title = {An Analysis of Thailandâ€™s Capital Flows},
  author = {Paitoon Wiboonchutikula and Bangorn Tubtimtong and Lakshmi K. Raut and Bundit Chaivichayachat},
  journal = {Conference Proceedings},
  year = {2001},
  pages = {669-715},
  publisher = {Elsevier Science B.V.},
  chapter = {31},
  editor = {Jere Behrman and et al.},
  pubtype = {2},
  date = {2001-01-01},
}
