@Article{Raut_1980,
  title = {Lecture notes on values of non-atomic games},
  author = {Lakshmi K Raut},
  journal = {ISI Lecture Series},
  year = {1980},
  abstract = {Prepared for own research aid, based on the Aumann and Shapley 1974 book, "Values of Non-atomic Games".These lectures were presented to colleagues at the Indian Statistical Institute, Delhi Center.},
  pubtype = {6},
  date = {1980-01-01},
}