@Article{Levin.Raut_1997,
  title = {Complementarities between Exports and Human Capital in Economic Growth: Evidence from the Semiâ€?industrialized Countries},
  author = {Andrew Levin and Lakshmi K. Raut},
  journal = {Economic Development and Cultural Change},
  year = {1997},
  pages = {155-174},
  doi = {10.1086/452325},
  publisher = {University of Chicago Press},
  url = {http://dx.doi.org/10.1086/452325},
  number = {1},
  volume = {46},
  issn = {1539-2988},
  month = {Oct},
  pubtype = {2},
  date = {1997-01-01},
}
