@Book{Raut_1999_Book,
  title = {Trade, Growth and Development: Essays in honor of Professor T.N. Srinivasan},
  author = {Gustav Ranis and Lakshmi K. Raut},
  year = {1999},
  publisher = {Elsevier Science B.V., North-Holland, Amsterdam},
  pubtype = {5},
  date = {1999},
}
